1422 2554
63 127 65 129 “
124 109 210 159 868
531 115 942 152 COMMENTAmvs

130 235 249 288 228.)
278 233 508 293 multasque
539 249 660 292 aquas
696 235 860 288 frigidas
884 233 1026 286 fuisse,
1064 250 1104 278 v.
1128 233 1354 280 e.›·Ba‘ndu·

55 306 57 308 ·
129 294 234 343 fiae,
274 295 339 346 (v.
364 296 495 349 Impp.
515 292 628 335 Hor.
659 293 737 336 Od.
767 304 808 344 3,
837 303 902 343 13,
933 304 953 336 1
973 293 1031 348 sq.
1054 305 1078 346 9
1097 292 1174 349 sq.)
1197 287 1366 337 ad-Cum

130 349 238 389 tinas
263 349 291 392 s.
317 351 514 398 Cotilias,
543 348 610 404 (v.
632 350 764 393 Strab,
790 358 832 400 5,
854 359 895 400 3,
925 361 963 392 1.
1001 352 1108 393 Suet.
1134 350 1251 408 Vesp.
1277 362 1350 406 24.

129 407 293 447 vitruv.
323 413 362 454 8,
387 411 455 460 3.)
495 404 664 447 Albu1as.
689 417 726 447 et
758 409 951 450 Labanas.
1009 420 1047 448 v.
1073 408 1201 454 Strab,
1236 418 1278 460 5,
1306 419 1350 459 3,

132 473 199 506 ΙΙ.
232 477 269 516 p.
283 471 382 514 238.
408 461 414 482 ⁵
446 463 624 506 Caerites
645 477 766 518 aquas
789 478 806 503 e
826 462 940 514 fonte
960 474 1142 504 cruentat
1164 479 1214 506 m.
1241 466 1348 516 conj.
1374 461 1378 464 ”

118 519 255 560 Crev.
279 523 321 560 in
347 518 504 563 Sabinis
536 521 723 567 Cereris,
752 533 873 574 aquas
899 518 982 560 VII
1010 520 1126 571 <nam
1146 521 1187 560 in
1212 520 1350 576 pleris-

128 589 209 631 que
241 577 340 625 MSS
364 576 424 617 'est
447 577 667 632 aquasque)
700 591 719 618 e
731 574 854 628 fonte
879 574 1030 616 calidas
1061 576 1126 616 vel
1152 590 1190 618 et
1207 577 1350 631 fontes

127 630 278 674 calidos
299 647 349 674 m.
377 634 505 677 Drak.
539 632 626 685 (cf.
655 632 704 672 de
732 631 825 672 lacu
860 629 1009 687 septem
1034 634 1148 688 aquis
1173 636 1213 673 in
1234 634 1349 683 Sabi-

124 691 187 729 nis
211 689 377 730 cluver.
413 691 504 733 Ital.
535 699 618 731 ant.
643 700 685 736 2,
713 699 755 741 9.
794 689 943 743 p.68·2.
989 701 1027 730 et
1057 687 1180 743 mulio
1209 703 1349 732 cruore

119 744 235 802 figna
260 749 303 788 in
337 745 497 789 Sabinis
509 744 685 801 fiaduffi,
737 758 932 798 aquasque
958 758 977 785 e
1000 744 1125 800 fonte
1153 747 1348 789 candidas

123 802 188 856 (h.
218 813 252 843 e.
285 801 402 843 laetei
434 800 794 856 coloris)-manaffe
827 800 997 858 ‘Wakefi
1031 802 1080 841 od
1111 804 1271 857 Lueret.
1306 813 1348 856 5,

125 865 265 905 1128.“
281 873 362 900 non
384 857 512 908 male,
545 873 616 899 nec
642 859 720 900 fine
743 857 984 899 austeritate
1009 858 1132 903 MSS.

188 926 253 958 10.
286 914 334 957 101
356 916 514 972 quidem
535 918 669 964 etiam,
699 914 804 971 quod
813 913 973 969 saepius
995 915 1348 972 adcideratsproi

123 971 233 1023 digia
263 971 388 1014 modo
413 984 634 1018 memorata
652 1004 664 1024 ,
698 973 820 1013 etiam
841 970 948 1013 illud
967 971 1014 1012 de
1041 974 1155 1027 aquis
1174 973 1347 1014 Caeriti-

119 1028 220 1077 bus,
264 1032 376 1079 cujus
402 1028 534 1070 forsan
562 1028 715 1084 saepius
738 1029 983 1070 mentionem
1009 1027 1103 1069 feeit
1126 1030 1269 1070 Livius
1298 1030 1343 1070 in

118 1086 235 1131 libris
262 1085 500 1137 deperditis.
531 1106 587 1115 —-
617 1087 744 1141 magis
765 1084 955 1132 terrebat,
983 1082 1032 1125 sc.
1053 1084 1165 1140 quod
1190 1083 1344 1140 semper

116 1140 220 1183 illud
252 1143 380 1195 tristes
411 1141 519 1182 casus
545 1141 704 1197 sequuti
728 1152 865 1185 erant3
910 1143 987 1185 Str.
1029 1154 1068 1182 et
1087 1141 1158 1194 (id
1182 1143 1343 1196 quidem

118 1219 174 1229 ·-—
202 1198 403 1252 terrebat)
432 1201 475 1239 in
506 1202 571 1240 via
594 1209 670 1243 cet.
717 1200 822 1248 conj.
845 1199 1026 1239 Perizon.
1051 1196 1156 1238 conl.
1177 1208 1247 1249 35,
1266 1209 1342 1243 21.

116 1255 191 1296 Sed
214 1269 253 1297 ν.
275 1255 398 1298 nuk.
422 1276 477 1285 -
506 1258 549 1296 in
569 1259 633 1298 via
647 1254 884 1309 fornicata,
916 1265 1213 1306 concamerata,
1243 1269 1342 1310 quae

115 1312 169 1353 aol
204 1326 381 1367 campum
411 1314 604 1353 Martium
637 1326 747 1361 erat,
787 1324 837 1351 eo
871 1324 918 1350 ex
947 1311 1055 1351 Vrbe
1085 1311 1252 1352 ferebat.
1294 1326 1338 1354 ν.

115 1369 291 1411 Nardin.
323 1372 444 1412 Rom.
469 1380 545 1410 vet.
579 1369 619 1418 6,
649 1381 715 1413 10.
778 1368 930 1409 Furnix
958 1369 1014 1408 est
1045 1366 1108 1407 vel
1131 1378 1338 1408 concame-

114 1428 243 1474 ratio,
287 1427 351 1468 vel
374 1439 514 1477 arcus,
557 1428 625 1475 (ut
648 1426 718 1476 36,
738 1436 807 1475 23.
839 1434 991 1475 40‚51.
1025 1435 1095 1476 44,
1112 1427 1205 1474 11.)
1226 1426 1336 1480 inpr.

113 1483 366 1538 triumphalis
383 1511 395 1530 ,
436 1486 507 1537 qui
538 1481 649 1536 saepe
669 1480 799 1535 signis
822 1478 884 1519 vel
906 1481 1042 1520 statuis
1067 1481 1243 1533 inpofitis
1270 1495 1339 1522 or·

113 1553 229 1578 natus
259 1536 378 1585 erat‚'
422 1537 542 1594 quale
575 1551 699 1589 genus
728 1539 769 1576 in
798 1534 933 1578 multis
969 1537 1152 1578 obcurrit
1185 1539 1336 1583 numis.

107 1594 176 1637 Cf.
200 1606 269 1648 37,
290 1606 329 1644 3,
356 1607 396 1646 4.
427 1605 464 1635 et
487 1596 571 1635 Cic.
593 1597 707 1638 Verr.
731 1604 772 1643 2,
795 1594 866 1642 63.
1101 1594 1104 1597 ’

170 1662 235 1695 11.
270 1653 328 1693 Ea
356 1651 545 1707 prodigia
569 1665 615 1691 ex
642 1650 757 1691 libris
779 1660 1017 1703 procurata,
1051 1663 1089 1691 ν.
1118 1647 1167 1688 ad
1202 1660 1237 1699 1,
1258 1658 1331 1698 20,

108 1719 174 1753 11.
198 1722 239 1762 etv
262 1720 303 1759 3,
336 1720 403 1752 10.
424 1709 462 1749 6.
499 1731 548 1737 —
613 1707 752 1762 Legati
772 1721 794 1747 a
812 1704 957 1757 Puella,
989 1720 1025 1747 v.
1049 1706 1098 1747 ad
1124 1717 1191 1755 10,
1209 1716 1330 1760 14‚2.

161 1776 230 1811 12.
251 1765 355 1816 ficut
380 1763 680 1819 Neapolitanis,
711 1778 749 1805 v.
772 1776 857 1819 cap.
874 1773 945 1814 32.

216 1880 418 1922 XXXVII.
483 1890 520 1923 1.
551 1878 598 1920 ab
630 1878 804 1920 Hierone
830 1874 952 1930 claffis
979 1875 1129 1929 Ostiam
1157 1873 1326 1930 adceffie,

102 1952 142 1979 v.
166 1936 216 1978 ad
246 1947 317 1989 27,
347 1945 387 1986 5,
419 1947 459 1989 4.
504 1959 555 1968 -
597 1936 914 1992 magnitudinem
944 1933 1087 1989 populi
1114 1934 1221 1974 Rom.
1247 1943 1326 1975 cet.

103 2008 142 2037 v.
164 1994 215 2036 ad
238 2005 304 2045 27,
326 2005 390 2047 14,
417 2004 451 2034 Ι.
486 2014 536 2023 —-
603 1993 818 2035 Vifioriam
838 2006 997 2035 auream
1016 1990 1146 2046 pondo
1171 1997 1324 2033 ‘trecen-

96 2065 182 2102 tum
211 2051 320 2097 XX,
349 2065 386 2092 v.
410 2049 460 2090 ad
484 2061 554 2100 30·
579 2062 648 2097 21,
680 2062 715 2093 1.

155 2119 194 2152 2.
227 2107 367 2150 Milite
382 2120 500 2162 atque
521 2111 651 2162 equite
675 2106 748 2156 nisi
770 2109 941 2148 Romano
959 2105 1170 2158 Latinique
1195 2105 1321 2144 nomi-

92 2167 156 2206 nis
173 2174 250 2208 eet.
281 2178 319 2205 v.
347 2163 395 2204 ad
430 2175 469 2213 Ι.
497 2175 562 2212 Ιο,
588 2175 629 2208 2.
655 2176 691 2203 et
715 2175 784 2209 21,
809 2175 880 2214 55,
902 2165 942 2206 6.
1006 2159 1161 2204 Milites
1186 2171 1324 2200 autem
1405 2164 1412 2172 ‘

91 2221 205 2277 saepe
225 2223 413 2263 dicuntur
437 2220 591 2276 pedites
619 2231 665 2267 ‘et
689 2223 893 2276 equitibus
925 2219 1218 2272 obponuntur,
1261 2215 1321 2269 (v,

86 2291 119 2322 c.
151 2280 221 2325 26,
248 2290 316 2331 29.
365 2287 436 2331 27,
465 2283 534 2327 38,
566 2287 608 2326 5.
661 2284 730 2323 28,
759 2289 795 2320 1.
845 2287 915 2328 35,
943 2283 1030 2327 23.)
1068 2285 1111 2315 ut
1138 2273 1322 2322 ὁπλίτες

84 2338 307 2386 ἱππεῦσιν,
340 2345 378 2378 et
411 2337 607 2378 exercitus
632 2335 829 2389 equitatui
863 2346 933 2389 30,
956 2334 1026 2385 36.
1067 2344 1138 2387 40,
1158 2341 1227 2382 52.
1262 2341 1321 2370 at-

1234 2399 1314 2443 que
