1422 2554
171 123 255 169 370
451 126 455 130 ,
578 102 986 150 commssnfrnmvs

178 253 227 283 ex
263 236 301 279 se
323 231 598 287 Intellegitur,
638 231 734 286 quia
756 228 875 284 suum
906 222 1084 280 deposuit
1107 217 1395 276 magistratum,

178 308 219 338 et
239 293 360 337 verba
387 292 507 341 haec,
545 289 626 344 fine
648 287 794 335 alteri,
833 297 937 341 quae
966 297 990 323 a
1015 283 1087 323 vu
1108 279 1202 320 Mss
1235 274 1396 322 absunt,

179 357 259 406 jam
286 351 359 392 alii
387 347 553 390 delenda
574 345 817 398 iudicarunt.

238 420 277 460 5.
310 405 520 461 Censores,
549 416 663 461 aegre
684 397 777 456 paffi
800 407 876 442 cet.
938 395 987 438 C.
1014 394 1164 436 Furius
1184 398 1222 430 et
1242 390 1300 434 Μ.
1321 375 1399 428 G‘e-

149 485 151 490 ·
179 467 334 521 ganius.
380 459 551 505 Cfsinf.
573 472 615 513 9,
640 468 708 509 33.
735 468 806 510 34.
837 476 891 487 -
955 452 1083 494 Tribu
1103 448 1250 491 moveri
1268 459 1291 486 a
1309 457 1399 484 een-

180 523 271 567 sore
301 518 452 563 dicitur
472 519 531 566 is,
570 518 633 557 eui
656 514 850 555 adimitur
869 514 931 564 jus
953 508 1145 559 subfragii
1168 506 1208 545 in
1237 501 1305 543 suo
1328 502 1401 542 tri-

181 582 264 627 bu,
307 579 459 634 quique
491 587 538 615 ex
573 587 619 614 ea
651 574 692 612 in
716 573 835 612 aliam
856 597 868 616 ‚
919 568 1049 608 minus
1082 562 1311 606 honestam,
1359 564 1402 596 et

181 635 345 696 quidem
361 662 373 681 ,
414 631 506 672 inde
534 644 555 671 a
579 628 827 684 temporibus
852 630 904 677 Q
929 624 1044 667 Fabii
1067 618 1251 662 Censorii
1264 615 1294 663 ,χ
1317 611 1402 668 ple-

183 704 358 748 rumque
377 703 399 730 e
425 689 568 729 rustica
591 689 630 726 in
650 688 841 727 urbanam
863 681 1091 731 conjicitur.
1133 690 1175 718 v.
1200 673 1248 714 ad
1274 682 1313 720 1,
1331 679 1403 722 43,

181 762 254 796 22.
317 749 378 789 Sic
405 747 526 786 etiam
555 754 649 784 nota
670 740 847 782 censoria
879 737 1037 779 senator
1057 732 1200 789 senatu
1223 726 1288 770 vel
1321 726 1404 768 Ioco

177 806 382 866 senatorio
406 803 589 855 moveriv
609 802 674 853 (ut
698 799 744 839 de
771 806 809 838 et
829 793 1005 850 esenatu
1024 791 1116 848 ejici
1136 802 1204 838 4ο,
1226 795 1304 839 5¹·‚
1333 793 1406 836 41,

180 876 254 917 27.
288 873 357 916 43,
382 870 443 912 15.
482 868 633 909 44,19.
655 854 797 910 senatu
825 864 997 895 emovere
1021 859 1060 889 et
1084 845 1194 889 tribu
1208 853 1407 885 removere

185 932 256 976 45,
274 920 388 968 15‚6.
404 918 457 956 aiv.
477 914 708 969 submovere
722 926 740 960 ;
772 908 822 952 ef.
845 908 894 950 ad
913 909 1019 950 Tae.
1039 906 1150 946 Ann.
1177 911 1244 952 13,
1261 908 1328 946 11,
1344 893 1407 952 4.)

185 979 316 1034 equiti
344 986 464 1030 equus
491 971 640 1020 adimi,
682 978 721 1009 et
758 964 825 1008 vel
853 962 1086 1006 nobiliffimi
1114 961 1220 1001 cives
1256 953 1409 997 aerarii

179 1034 276 1092 fieri
299 1032 363 1074 vel
388 1034 431 1072 in
452 1029 628 1070 aerarios
648 1024 802 1080 referri
822 1030 1020 1080 poterant.
1066 1014 1135 1059 Cf.
1155 1026 1225 1066 24,
1246 1013 1313 1056 16.
1338 1015 1409 1056 18.

186 1102 258 1146 43.
289 1099 358 1140 39,
371 1097 438 1142 42,
454 1096 495 1135 3·
526 1083 675 1138 44,16.
708 1092 778 1137 45,
800 1090 866 1131 15.
901 1079 996 1132 (ubi
1020 1075 1159 1128 Livius
1188 1070 1301 1118 dicit,
1331 1068 1411 1109 m·-

185 1150 240 1193 bu
265 1159 417 1188 movere
447 1141 477 1185 s.
510 1153 707 1183 removere
740 1137 815 1180 effe
843 1149 997 1178 mutare
1019 1132 1160 1189 jubere
1187 1125 1338 1170 tribum
1370 1131 1412 1163 et

180 1204 390 1264 subfragii
413 1199 599 1240 lationem
625 1193 841 1247 adimere.)
873 1195 1001 1234 Gron.
1030 1191 1078 1231 de
1097 1199 1181 1241 pec.
1211 1193 1290 1224 vet.
1314 1193 1356 1234 4,
1370 1190 1412 1224 Ι.

187 1262 304 1306 Duk.
333 1258 383 1299 ad
417 1256 500 1299 h.1,
530 1254 655 1296 Drak.
682 1252 733 1294 ad
761 1262 832 1301 24,
861 1255 927 1296 18,
953 1248 995 1289 6.
1054 1243 1266 1297 (Aerarii,
1299 1239 1412 1282 οἰκέ-

191 1336 261 1365 ται
292 1316 368 1359 τοῦ
393 1314 590 1365 ταμείου,
631 1310 773 1350 eodem
798 1305 882 1347 fere
901 1301 1011 1344 sensu
1038 1300 1295 1342 dicebantur,
1326 1307 1412 1349 quo

193 1388 297 1418 aevo
320 1370 533 1428 posteriori
550 1365 741 1414 Curiales,
769 1362 1060 1417 βουλευτικοῖς
1079 1352 1416 1409 συγκατηριθμη-

193 1435 307 1490 μένοι
331 1426 600 1475 καταλόγοις,
632 1421 795 1476 ετιερυά
817 1433 888 1459 nos
904 1417 1060 1469 Judnei,
1092 1415 1159 1455 oles
1182 1408 1414 1462 Rb'mischen

194 1486 339 1533 Reichr
371 1478 740 1529 Kammerknechte‚
782 1477 992 1522 homines,
1033 1473 1104 1527 qui
1130 1482 1258 1524 neque
1281 1465 1413 1507 hono-

193 1560 258 1588 res
283 1539 448 1594 adipisci
471 1547 679 1593 poterant,
728 1546 857 1588 neque
887 1529 1079 1580 subfragii
1107 1529 1168 1578 jus
1202 1524 1417 1569 habebant,

193 1601 262 1644 sed
289 1608 400 1639 erant
425 1596 533 1650 quasi
566 1591 766 1648 peculium
797 1589 967 1637 aerarii,
1003 1587 1071 1634 ,cui
1096 1584 1292 1625 tributum
1319 1592 1415 1635 pen·

195 1659 291 1701 dere
325 1652 544 1693 debebantt
589 1649 760 1690 habebat
785 1659 925 1699 nempe
954 1643 1156 1696 aerarium
1190 1650 1270 1680 tam
1298 1634 1417 1677 sunm

195 1713 365 1759 fundum
389 1704 614 1762 agrosque,
652 1719 771 1759 quam
803 1703 1010 1748 homines,
1055 1711 1102 1738 ex
1131 1695 1278 1751 quibus
1310 1691 1418 1732 redi-

195 1782 262 1815 tus
293 1768 494 1822 capiebat3
527 1776 655 1816 neque
679 1763 810 1800 minus
833 1771 931 1813 ager
949 1769 1069 1811 quam
1091 1754 1214 1794 homo
1237 1751 1417 1791 aerarius

195 1826 273 1870 effe
299 1835 481 1881 poterat3
515 1818 692 1869 Stroth.)
752 1819 862 1867 Qtin
887 1816 1006 1856 etiam
1030 1824 1111 1851 non
1134 1810 1297 1849 deerant
1313 1806 1418 1847 Cen-

194 1885 303 1928 sores
318 1911 330 1931 ‚
362 1881 432 1935 qni
457 1892 504 1918 eo
529 1879 613 1916 irae
635 1874 894 1929 procederent
914 1882 953 1911 et
973 1878 1182 1923 tantopere
1201 1866 1283 1905 vim
1306 1860 1418 1903 sunm

194 1939 411 1984 extendere
443 1944 708 1982 conarentur,
751 1943 793 1971 nt
815 1931 924 1970 tribu
951 1928 1073 1967 motis
1098 1931 1177 1963 non
1200 1923 1323 1961 modo
1354 1920 1418 1968 ius

193 1995 412 2047 subfragii,
443 1990 578 2039 relatis
610 1990 658 2027 iis
683 1989 788 2027 inter
812 1985 1011 2031 aerarios,
1052 1979 1116 2022 sed
1147 1980 1266 2018 etiam
1297 1974 1419 2015 liber·

194 2065 318 2098 tatem
335 2063 373 2092 et
396 2054 456 2102 jus
484 2047 656 2087 civitatis
679 2043 928 2086 adimerent,
973 2036 1106 2093 (quod
1131 2046 1316 2076 conatum
1341 2027 1419 2070 effe

193 2109 474 2166 Sempronium
501 2102 724 2160 Gfacchnm
758 2095 967 2156 probabile
998 2097 1043 2136 fit
1083 2106 1131 2133 ex
1159 2090 1420 2134 contentione

193 2166 359 2211 Claudii
390 2167 428 2204 in
455 2160 544 2202 loco
570 2156 674 2200 class.
699 2158 772 2198 ini.
799 2167 868 2207 45,
886 2157 974 2205 15.)
997 2161 1037 2192 et
1064 2146 1296 2200 universum
1317 2143 1421 2184 adeo

194 2221 394 2282 populum
426 2222 543 2260 Rom.
574 2215 772 2255 aerarium
807 2212 1007 2254 facerent,
1056 2223 1094 2247 v.
1120 2220 1152 2245 c.
1186 2206 1244 2245 Μ.
1277 2202 1421 2243 Livius

191 2294 263 2335 29,
286 2290 357 2332 37.
419 2274 492 2318 Sed
521 2282 616 2314 nota
648 2270 859 2311 censorum
892 2263 1060 2309 rescindi
1091 2271 1250 2318 poterat
1282 2270 1368 2300 tum
1397 2269 1422 2298 a

191 2336 367 2390 conlegis
394 2330 460 2377 vel
490 2328 579 2372 aliis
605 2326 863 2375 censoribus,
897 2335 986 2368 tum
1009 2335 1033 2363 a
1052 2316 1224 2378 populo.
1262 2330 1306 2362 v.
1331 2314 1419 2356 Cic.

1335 2381 1415 2428 pro
